<record><leader>00000cas a22000007a 4500</leader><controlfield tag="001">12720043</controlfield><controlfield tag="008">851025d18761879ncumr ne      0    0eng d</controlfield><datafield ind1=" " ind2=" " tag="010"><subfield code="a">sn 85026887 </subfield></datafield><datafield ind1=" " ind2=" " tag="040"><subfield code="a">NPX</subfield><subfield code="b">eng</subfield><subfield code="c">NPX</subfield><subfield code="d">NVJ</subfield><subfield code="d">OCLCQ</subfield><subfield code="d">OCLCO</subfield></datafield><datafield ind1=" " ind2=" " tag="042"><subfield code="a">msc</subfield></datafield><datafield ind1="0" ind2="0" tag="245"><subfield code="a">North Carolina good templar.</subfield></datafield><datafield ind1="1" ind2="3" tag="246"><subfield code="a">N.C. good templar</subfield></datafield><datafield ind1=" " ind2=" " tag="260"><subfield code="a">Raleigh, N.C. :</subfield><subfield code="b">W.J. Edwards</subfield></datafield><datafield ind1=" " ind2=" " tag="300"><subfield code="a">v.</subfield></datafield><datafield ind1=" " ind2=" " tag="310"><subfield code="a">Monthly,</subfield><subfield code="b">&lt;Apr.-May, 1879&gt;</subfield></datafield><datafield ind1=" " ind2=" " tag="321"><subfield code="a">Weekly,</subfield><subfield code="b">Sept. 7, 1876-</subfield></datafield><datafield ind1="0" ind2=" " tag="362"><subfield code="a">Vol. 5, no. 4 (Sept. 7, 1876)-</subfield></datafield><datafield ind1="1" ind2=" " tag="362"><subfield code="a">Ceased in 1879.</subfield></datafield><datafield ind1="2" ind2=" " tag="710"><subfield code="a">Independent Order of Good Templars.</subfield><subfield code="b">Grand Lodge of North Carolina.</subfield></datafield><datafield ind1=" " ind2=" " tag="752"><subfield code="a">United States</subfield><subfield code="b">North Carolina</subfield><subfield code="c">Wake</subfield><subfield code="d">Raleigh.</subfield></datafield><datafield ind1="0" ind2="0" tag="780"><subfield code="t">Spirit of the age (Raleigh, N.C. : 1873)</subfield><subfield code="w">(DLC)sn 93064786</subfield></datafield><datafield ind1="0" ind2="7" tag="785"><subfield code="t">Friend of temperance</subfield><subfield code="w">(DLC)sn 84026585</subfield></datafield><datafield ind1="0" ind2="7" tag="785"><subfield code="t">Friend and templar</subfield><subfield code="w">(DLC)sn 92072958</subfield></datafield></record>